%% This BibTeX bibliography file was created using BibDesk.
%% http://bibdesk.sourceforge.net/


%% Created for Gabriel Oliveira at 2015-05-26 14:40:38 -0300 


%% Saved with string encoding Unicode (UTF-8) 



@article{iot-article,
	Address = {http://www.sciencedirect.com/science/article/pii/S0167739X13000241},
	Author = {Jayavardhana Gubbi and Rajkumar Buyya and Slaven Marusic and Marimuthu Palaniswami },
	Date-Added = {2015-05-26 17:38:55 +0000},
	Date-Modified = {2015-05-26 17:40:38 +0000},
	Journal = {Future Generation Computer Systems},
	Month = {Sept},
	Number = {7},
	Pages = {1645-1660},
	Title = {Internet of Things (IoT): A vision, architectural elements, and future directions},
	Volume = {29},
	Year = {2013}}

@manual{kastrenakes-macys-beacon,
	Address = {http://www.theverge.com/2013/11/21/5129336/macys-apple-ibeacon-support-herald-union-square-stores-shopkick},
	Author = {Jacob Kastrenakes},
	Date-Added = {2015-05-26 02:30:48 +0000},
	Date-Modified = {2015-05-26 02:31:18 +0000},
	Month = {Nov},
	Title = {Macy's begins iBeacon shopping test, will send alerts to your iPhone when you enter stores},
	Year = {2013}}

@manual{teixeira-beacon,
	Address = {http://arquiteturadeinformacao.com/ux-em-espacos-fisicos/tudo-o-que-voce-precisa-saber-para-comecar-a-brincar-com-ibeacons/},
	Author = {Fabricio Teixeira},
	Date-Added = {2015-05-26 01:52:35 +0000},
	Date-Modified = {2015-05-26 01:53:05 +0000},
	Month = {Sept},
	Organization = {Blog de AI},
	Title = {Tudo o que voc{\^e} precisa saber para come{\c c}ar a brincar com iBeacons},
	Year = {2014}}

@manual{raspberrypi-rpi,
	Address = {https://www.raspberrypi.org/help/what-is-a-raspberry-pi/},
	Date-Added = {2015-05-26 01:30:51 +0000},
	Date-Modified = {2015-05-26 01:32:47 +0000},
	Organization = {Raspberry Pi},
	Title = {What is a Raspberry Pi?},
	Year = {2015}}

@manual{ben-arduino,
	Address = {https://learn.sparkfun.com/tutorials/what-is-an-arduino},
	Author = {Ben},
	Date-Added = {2015-05-26 01:13:21 +0000},
	Date-Modified = {2015-05-26 01:16:17 +0000},
	Organization = {SparkFun},
	Title = {What is an Arduino?},
	Year = {2015}}

@manual{sorrel-arduino,
	Address = {http://www.wired.com/2008/04/just-what-is-an/},
	Author = {Charlie Sorrel},
	Date-Added = {2015-05-26 01:10:46 +0000},
	Date-Modified = {2015-05-26 01:11:21 +0000},
	Month = {04},
	Organization = {Wired},
	Title = {Just What Is An Arduino, And Why Do you Want One?},
	Year = {2008}}

@manual{nascimento-iot,
	Address = {http://computerworld.com.br/negocios/2015/03/12/o-que-de-fato-e-internet-das-coisas-e-que-revolucao-ela-pode-trazer},
	Author = {Rodrigo Nascimento},
	Date-Added = {2015-05-26 00:52:05 +0000},
	Date-Modified = {2015-05-26 00:52:43 +0000},
	Month = {Mar},
	Organization = {Computer World},
	Title = {O que, de fato, {\'e} internet das coisas e que revolu{\c c}{\~a}o ela pode trazer?},
	Year = {2015}}

@manual{goldmansachs-iot,
	Address = {http://www.goldmansachs.com/our-thinking/outlook/iot-infographic.html},
	Date-Added = {2015-05-26 00:30:00 +0000},
	Date-Modified = {2015-05-26 00:30:55 +0000},
	Month = {Sept.},
	Organization = {Goldman Sachs},
	Title = {What is the Internet of Things?},
	Year = {2014}}

@manual{desjardins-iot,
	Address = {http://www.visualcapitalist.com/present-future-internet-things/},
	Author = {Jeff Desjardins},
	Date-Added = {2015-05-26 00:18:01 +0000},
	Date-Modified = {2015-05-26 00:18:45 +0000},
	Month = {Dec},
	Organization = {Visual Capitalism},
	Title = {The Present and Future of the Internet of Things},
	Year = {2014}}

@manual{ashton-iot,
	Address = {http://www.rfidjournal.com/articles/view?4986},
	Author = {Kevin Ashton},
	Date-Added = {2015-05-26 00:02:39 +0000},
	Date-Modified = {2015-05-26 00:12:59 +0000},
	Month = {June},
	Organization = {RFID Journal},
	Title = {That 'Internet of Things' Thing: In the real world, things matter more than ideas.},
	Year = {2009}}
